@book{Kubby2011,
    title = {{A Guide to Hands-on MEMS Design and Prototyping}},
    year = {2011},
    booktitle = {A Guide to Hands-on MEMS Design and Prototyping},
    author = {Kubby, Joel A.},
    publisher = {Cambridge University Press},
    doi = {10.1017/cbo9780511984662}
}
@misc{Landauer2018,
    title = {{Information is inevitably physical}},
    year = {2018},
    booktitle = {Feynman and Computation},
    author = {Landauer, Rolf},
    pages = {77--92},
    isbn = {9780429969003},
    doi = {10.1201/9780429500459}
}

%-----------------------BIBLIOGRAFIA TT1--------------------------

%[1] W. Middleton, Reference Data for Engineers Radio, Electronics, Computer, and Communications. Boston: Newnes, 2002. 

@online{Library2016,
    title = {{Library of Congress}},
    year = {2016},
    author = {{Library of Congress}},
    url = {https://www.loc.gov/collections/edison-company-motion-pictures-and-sound-recordings/articles-and-essays/history-of-edison-sound-recordings/history-of-the-cylinder-phonograph/},
    addendum = {[Accessed: 2023-05-11]}
}

@misc{Sheffieldav,
    title = {{Sheffieldav}},
    author = {Sheffieldav},
    URL = {https://www.sheffieldav.com/education/which-type-sound-engineer-are-you-destined-be},
    addendum = {[Accessed: 2023-05-11]}
}

@misc{E-Home,
    title = {{Acoustic treatment 101: The Ultimate Setup/Planning Guide}},
    author = {{E-Home Recording Studio}},
    url = {https://ehomerecordingstudio.com/acoustic-treatment/},
    addendum = {[Accessed: 2023-09-14]}
}

@book{Albano,
    author = {Albano, J.},
    title = {{Studio Acoustic Part 2: Standing Waves}},
    publisher = {ASK.AUDIO}
}

@misc{Ervine,
    author = {Ervine, M.},
    title = {{Acoustic treatment - A complete guide}},
    publisher = {Acoustiblok UK},
    URL = {https://www.acoustiblok.co.uk/acoustic-treatment-a-complete-guide/#How_to_Acoustically_Treat_Your_Room},
    addendum = {[Accessed: 2023-09-14]}
}

@misc{Irwin,
    author = {Irwin, M.},
    title = {{Where to install acoustic panels: Resonics acoustics}},
    publisher = {Resonics},
    URL = {https://resonics.co.uk/where-to-install-acoustic-panels/},
    addendum = {[Accessed: 2023-09-14]}
}

@misc{Pack,
    author = {Pack, B.},
    title = {{Tips for repairing Bad Recordings}},
    publisher = {Mastering the Mix},
    URL = {https://www.masteringthemix.com/blogs/learn/tips-for-repairing-bad-recordings},
    addendum = {[Accessed: 2023-09-14]}
}

@book{Winer2017,
    title = {{The audio expert}},
    year = {2017},
    booktitle = {The audio expert},
    author = {Winer, Ethan},
    publisher = {Routledge},
    isbn = {9781351840064},
    edition = {2nd}
}
%----------Corregir------------------
@online{Weir2012,
    title = {{How Humans Conquered Echo}},
    year = {2012},
    author = {William Weir},
    publisher = {The Atlantic},
    url = {https://www.theatlantic.com/entertainment/archive/2012/06/how-humans-conquered-echo/258557/},
    addendum = {[Accessed: 2023-09-21]}
}

@online{AudioHunt,
    title = {{Studio Worklow and Why it Matters}},
    year = {2022},
    author = {William Weir},
    publisher = {Studio Assistant},
    url = {https://www.studioassistant.io/blog/studio-workflow-why-it-matters},
    addendum = {[Accessed: 2023-09-21]}
}

@techreport{O.J.Mantilla,
    author = {{García, O. J. Mantilla}},
    title = {Diseño y construcción de un prototipo de panel acústico variable rotatorio de 360º con control automático.},
    institution = {P. A. V. R.},
    year = {2014},
    address = {Colombia}
}

@misc{L.Sen,
    author = {Sen, L. and Peng, M.},
    title = {{Acoustic Enclosure with Intelligent Controllable Noise}},
    URL = {https://nvc.sjtu.edu.cn/EN/10.3969/j.issn.1006-1355-2011.04.042},
    addendum = {[Accessed: 2023-09]}
}

@article{Y.Lei2012,
    author = {Lei, Y. and Pan, J. and Sheng, M. P.},
    title = {{Investigation of structural response and noise reduction of an acoustical enclosure using SEA method}},
    journal = {{Applied Acoustics}},
    year = {2012},
    volume = {73},
    number = {4}
}

@article{Thun2012,
    author = {Thün, G. and Velikov, K. and Ripley, C. and Sauvé, L. and McGee, W.},
    title = {{Soundsphere: resonant chamber}},
    journal = {{ResearchGate}},
    year = {2012},
    volume = {45},
    number = {4},
    pages = {348-357}
}

@book{Isbert1998,
    title = {{Diseño acústico de espacios arquitectónicos}},
    year = {1998},
    author = {Isbert, A. C.},
    publisher = {Edicions UPC},
    edition = {1st}
}

@book{Miyara2004,
    title = {{Acústica y sistemas de sonido}},
    year = {2004},
    author = {Miyara, F.},
    publisher = {UNR Editora},
    edition = {3rd},
    address = {Rosario}
}

@book{Rossing2007,
    title = {{Handbook of Acoustics}},
    year = {2007},
    author = {Rossing, T. D.},
    publisher = {Springer},
    edition = {1st},
    address = {New York}
}

@article{Geusemeir2002,
    author = {Geusemeir, J. and Moehringer, S.},
    title = {{VDI 2206- A New Guideline for the Design of Mechatronic Systems}},
    journal = {{IFAC Proceedings Volumes}},
    year = {2002},
    volume = {35},
    number = {2},
    pages = {785-790}
}

@book{Pahl1996,
    title = {{Engineering design}},
    year = {1996},
    author = {Pahl, G and Beitz, W.},
    publisher = {Springer},
    address = {London}
}

@misc{Monitor,
    URL = {https://www.mercadolibre.com.mx/monitor-de-estudio-de-5-pulgadas-krk-rokit-5-g4/p/MLM23594345?from=gshop&matt_tool=42293996&matt_word=&matt_source=google&matt_campaign_id=19660263509&matt_ad_group_id=143232864862&matt_match_type=&matt_network=g&matt_devic},
    addendum = {[Accessed: 2023-10-30]}
}

@misc{Microfono,
    URL = {https://articulo.mercadolibre.com.mx/MLM-940535110-microfono-akg-p220-condensador-cardioide-negro-con-accesorio-_JM#position=28&search_layout=grid&type=item&tracking_id=5a1ab70a-283d-4a67-8d24-4a45cf8ce3a3},
    addendum = {[Accessed: 2023-10-30]}
}

@misc{InterfazAudio,
    URL = {https://www.mercadolibre.com.mx/interfaz-de-audio-native-instruments-komplete-audio-1/p/MLM15459127#searchVariation=MLM15459127&position=2&search_layout=grid&type=product&tracking_id=aea00fbe-7904-47ba-8ffe-346a9154b534},
    addendum = {[Accessed: 2023-10-30]}
}

@misc{Cable,
    URL = {https://www.mercadolibre.com.mx/cable-steelpro-xlr-2m-plus-cannon-jack-cannon-balanceado-dmx/p/MLM22606285?pdp_filters=category:MLM190072#searchVariation=MLM22606285&position=4&search_layout=stack&type=product&tracking_id=1a58919c-b97d-43ae-b6cb-2527e6954},
    addendum = {[Accessed: 2023-10-30]}
}

@misc{Pedestal,
    URL = {https://articulo.mercadolibre.com.mx/MLM-1621279303-pedestal-para-microfono-base-doble-boom-atril-profesional-_JM#position=5&search_layout=stack&type=item&tracking_id=0f1ea755-a42e-4f95-befc-3583d170e001},
    addendum = {[Accessed: 2023-10-30]}
}

@misc{ArduinoMega,
    URL = {https://uelectronics.com/producto/arduino-mega-2560-rev3/},
    addendum = {[Accessed: 2023-10-30]}
}

@misc{MotorPasos,
    URL = {https://uelectronics.com/producto/nema-17-motor-a-pasos-17hs8401/},
    addendum = {[Accessed: 2023-10-30]}
}

@misc{DecoQRD,
    URL = {https://articulo.mercadolibre.com.mx/MLM-2100441938-decoracion-qrd-del-panel-de-difusor-de-madera-acusticos-_JM#position=5&search_layout=stack&type=item&tracking_id=16adf0ec-8b08-4ec1-84e2-036ca2ac184c},
    addendum = {[Accessed: 2023-10-30]}
}

@misc{Madera,
    URL = {https://www.homedepot.com.mx/materiales-de-construccion/madera-dimensionada/madera-dimensionada-11143-5/madera-1-1-x-10-x-8-956031},
    addendum = {[Accessed: 2023-10-30]}
}

@misc{Kit,
    URL = {https://articulo.mercadolibre.com.mx/MLM-837735870-kit-aislante-de-ruido-aglutinado-acustico-70k-_JM?matt_tool=74311184&matt_word=&matt_source=google&matt_campaign_id=19660055176&matt_ad_group_id=143783357217&matt_match_type=&matt_network=g&matt_device=c&},
    addendum = {[Accessed: 2023-10-30]}
}

@misc{UlineSoft,
    URL = {https://es.uline.mx/Product/Detail/S-15662/Foam/Uline-Soft-Foam-Sheets-Charcoal-2-thick-48-x-96?pricode=WB7282&gadtype=pla&id=S-15662&gad_source=1},
    addendum = {[Accessed: 2023-10-30]}
}

@book{Shigley2012,
    title = {{Diseño en ingeniería mecánica de Shigley}},
    year = {2012},
    author = {Budynas, R. and Keith, J.},
    publisher = {McGraw.Hill},
    edition = {9th},
    address = {España}
}
@book{Rodriguez2015,
    title = {{Compendio temático y tópicos selectos para la formación en diseño mecánico del ingeniero en mecatrónica}},
    year = {2015},
    author = {Rodríguez, J.},
    publisher = {SEP|IPN},
    edition = {1st},
    address = {México}
}
@article{Ingeniantes2019,
    author = {Morales, A. and Morales, M. and Matínez, B.},
    title = {{Diseño de tornillo sinfín-corona del sistema de transmisión para maquina de ensayo de impacto por caída libre en materiales pétreos}},
    journal = {{Ingeniantes}},
    year = {2019},
    volume = {1},
    number = {2}
}

@misc{CatalagoMotoresMonofasicos,
    URL = {https://www.truper.com/CatVigente/images/modulos/670-102301-MOE-1-4B-371.jpg?517369074},
    addendum = {[Accessed: 2024-05-24]}
}

@book{Norton2011,
    title = {{Diseño de máquinas un enfoque integrado}},
    year = {2011},
    author = {Norton, R.},
    publisher = {PEARSON},
    edition = {4th},
    address = {México}
}

@misc{MotoresElectricos,
    URL = {https://guide.directindustry.com/es/que-motor-electrico-elegir/},
    addendum = {[Accessed: 2024-05-27]}
}

@article{PilchDiffusers,
    author = {Pilch, A. and Kamisinski, T.},
    title = {{The effect of Geometrical and Material Modification of Sound Diffusers on Their Acoustic Parameters}},
    journal = {{Ingeniantes}},
    year = {2019},
    volume = {1},
    number = {2}
}

@techreport{PilchDiffusers,
    author = {Pilch, A. and Kamisinski, T.},
    title = {{The effect of Geometrical and Material Modification of Sound Diffusers on Their Acoustic Parameters}},
    institution = {{AGH University of Science and Technology Departament of Mechannics and Vibroacoustics}},
    year = {2011}
}

@misc{TypesDiffusers,
    URL = {https://acousticgeometry.com/types-of-sound-diffusers/},
    addendum = {[Accessed: 2024-06-06]}
}
@online{electron_website,
    author = {Electron},
    title = {Electron | Build cross-platform desktop apps with JavaScript, HTML, and CSS},
    url = {https://www.electronjs.org},
    urldate = {2024-06-11}
}

@online{react_website,
    author = {React},
    year = {2024},
    title = {React – A JavaScript library for building user interfaces},
    url = {https://reactjs.org},
    urldate = {2024-06-11}
}

@online{redux_website,
    author = {Redux},
    year = {2024},
    title = {Redux – A Predictable State Container for JS Apps},
    url = {https://redux.js.org},
    urldate = {2024-06-11}
}

@online{styled_components_website,
    author = {Styled Components},
    year = {2024},
    title = {Styled Components – Visual primitives for the component age},
    url = {https://styled-components.com},
    urldate = {2024-06-11}
}

@online{d3js_website,
    author = {D3.js},
    year = {2024},
    title = {D3.js – Data-Driven Documents},
    url = {https://d3js.org},
    urldate = {2024-06-11}
}

@online{neumorphism,
    author = {Justinmind},
    year = {2024},
    title = {Neumorphism: why it’s all the hype in UI design},
    url = {https//www.justinmind.com/ui-design/neumorphism},
    urldate = {2024-06-11}
}

@techreport{W3CWeb,
    author = {Ian Jacobs and Norman Walsh},
    title = {Architecture of the World Wide Web, Volume One},
    institution = {World Wide Web Consortium (W3C)},
    year = {2004},
    type = {W3C Recommendation},
    url = {https://www.w3.org/TR/webarch/}
}

@article{HCI,
    author = {Myers, Brad A.},
    title = {Challenges of HCI design and implementation},
    journal = {interactions},
    year = {1995},
    volume = {2},
    number = {1},
    pages = {73-83},
    publisher = {ACM}
}

@article{WeavingWeb,
    author = {Berners-Lee, Tim and Fischetti, Mark},
    title = {Weaving the Web: The Original Design and Ultimate Destiny of the World Wide Web},
    journal = {MIT Press},
    year = {1989},
    volume = {1},
    number = {1},
    pages = {23-45},
    publisher = {MIT Press}
}

@book{JavaScriptBook,
    author = {David Flanagan},
    title = {JavaScript: The Definitive Guide},
    year = {2020},
    publisher = {O'Reilly Media}
}

@online{mqtt,
    author = {MQTT},
    year = {2024},
    title = {MQTT: The Standard for IoT Messaging},
    url = {https://mqtt.org/},
    urldate = {2024-06-11}
}

@online{coap,
    author = {CoAP},
    year = {2024},
    title = {Constrained Application Protocol (CoAP)},
    url = {https://coap.space/},
    urldate = {2024-06-11}
}

@online{websockets,
    author = {WebSockets},
    year = {2024},
    title = {The WebSockets API},
    url = {https://developer.mozilla.org/en-US/docs/Web/API/WebSockets_API},
    urldate = {2024-06-11}
}

@online{grpc,
    author = {gRPC},
    year = {2024},
    title = {A high performance, open source universal RPC framework},
    url = {https://grpc.io/},
    urldate = {2024-06-11}
}

@online{http,
    author = {Mozilla Developer Network},
    year = {2024},
    title = {An Overview of HTTP},
    url = {https://developer.mozilla.org/en-US/docs/Web/HTTP/Overview},
    urldate = {2024-06-11}
}

@article{AnoteOnIoT,
    author = {Fazio, Maria and Ranjan, Rajiv and Girolami, Michele and Taheri, Javid and Dustdar, Schahram and Villari, Massimo},
    title = {A Note on the Convergence of IoT, Edge, and Cloud Computing in Smart Cities},
    journal = {IEEE},
    year = {2018},
    volume = {5},
    number = {5},
    pages = {22-24},
    publisher = {IEEE},
}

@article{IoTandCloudConvergence,
    author = {Rahim, Abdur and Giaffreda, Raffaele},
    title = {IoT and cloud convergence: Opportunities and challenges},
    journal = {IEEE},
    year = {2014},
    volume = {1},
    publisher = {IEEE},
}

@online{gcp,
    author = {Google Cloud},
    year = {2024},
    title = {Google Cloud Platform},
    url = {https://cloud.google.com/},
    urldate = {2024-06-11}
}

@online{aws,
    author = {Amazon Web Services},
    year = {2024},
    title = {Amazon Web Services (AWS)},
    url = {https://aws.amazon.com/},
    urldate = {2024-06-11}
}

@online{azure,
    author = {Microsoft Azure},
    year = {2024},
    title = {Microsoft Azure},
    url = {https://azure.microsoft.com/},
    urldate = {2024-06-11}
}

@online{ibmcloud,
    author = {IBM Cloud},
    year = {2024},
    title = {IBM Cloud},
    url = {https://www.ibm.com/cloud},
    urldate = {2024-06-11}
}

@online{oraclecloud,
    author = {Oracle Cloud},
    year = {2024},
    title = {Oracle Cloud},
    url = {https://www.oracle.com/cloud/},
    urldate = {2024-06-11}
}

@online{digitalocean,
    author = {DigitalOcean},
    year = {2024},
    title = {DigitalOcean – The developer cloud},
    url = {https://www.digitalocean.com/},
    urldate = {2024-06-11}
}

@online{comparecloud,
    author = {CompareCloud},
    year = {2024},
    title = {Compare Cloud Services},
    url = {https://comparecloud.in/},
    urldate = {2024-06-11}
}

@article{SQLvsNoSQL,
    author = {Capris, Ticiana and Melo, Pedro and Pires, Ivan Miguel and Garcia, Nuno},
    title = {Comparison of SQL and NoSQL databases with different workloads: MongoDB vs MySQL evaluation},
    journal = {ICDABI},
    year = {2023}
}

@online{bigtable,
    author = {Google Cloud},
    year = {2024},
    title = {Cloud Bigtable},
    url = {https://cloud.google.com/bigtable},
    urldate = {2024-06-11}
}

@online{firestore,
    author = {Google Cloud},
    year = {2024},
    title = {Cloud Firestore},
    url = {https://cloud.google.com/firestore},
    urldate = {2024-06-11}
}

@online{memorystore,
    author = {Google Cloud},
    year = {2024},
    title = {Cloud Memorystore},
    url = {https://cloud.google.com/memorystore},
    urldate = {2024-06-11}
}

@online{mongodb,
    author = {MongoDB},
    year = {2024},
    title = {MongoDB},
    url = {https://www.mongodb.com/},
    urldate = {2024-06-11}
}

@article{backendDev,
    author = {Vishesh, Siddesh},
    title = {Back-End Web-Application Development and the Role of an Admin},
    journal = {IJARCCE},
    year = {2017},
}
@online{django,
    author = {Django},
    year = {2024},
    title = {Django: The web framework for perfectionists with deadlines},
    url = {https://www.djangoproject.com/},
    urldate = {2024-06-11}
}

@online{flask,
    author = {Pallets Projects},
    year = {2024},
    title = {Flask: The Python micro framework for building web applications},
    url = {https://flask.palletsprojects.com/},
    urldate = {2024-06-11}
}

@online{fastapi,
    author = {FastAPI},
    year = {2024},
    title = {FastAPI: A modern, fast (high-performance), web framework for building APIs with Python 3.6+},
    url = {https://fastapi.tiangolo.com/},
    urldate = {2024-06-11}
}

@online{springboot,
    author = {Spring},
    year = {2024},
    title = {Spring Boot: Makes it easy to create stand-alone, production-grade Spring based Applications},
    url = {https://spring.io/projects/spring-boot},
    urldate = {2024-06-11}
}
